@misc{WebZetter2011HowHistory,
    title = {{How Digital Detectives Deciphered Stuxnet, the Most Menacing Malware in History}},
    year = {2011},
    booktitle = {WIRED},
    author = {Zetter, Kim},
    howpublished = {\url{https://www.wired.com/2011/07/how-digital-detectives-deciphered-stuxnet/} [Online. Last accessed: 2017-12-06]},
}

@misc{WebLeeTheAttacks,
    title = {{The Problems with Seeking and Avoiding True Attribution to Cyber Attacks}},
    author = {Lee, Robert M.},
    howpublished = {\url{http://www.robertmlee.org/the-problems-with-seeking-and-avoiding-true-attribution-to-cyber-attacks/} [Online. Last accessed: 2017-12-16]}
}

@misc{WebGraaf2014WhatProblem,
    title = {{What attribution problem?}},
    year = {2014},
    booktitle = {Capgemini Worldwide - Cyber Security},
    author = {Graaf, Patrick de},
    howpublished = {\url{https://www.capgemini.com/2014/07/what-attribution-problem/} [Online. Last accessed: 2018-01-16]}
}

@misc{WebArmerding2015WhodunitEasy,
    title = {{Whodunit? In cybercrime, attribution is not easy}},
    year = {2015},
    booktitle = {CSO Online},
    author = {Armerding, Taylor},
    howpublished = {\url{https://www.csoonline.com/article/2881469/malware-cybercrime/whodunit-in-cybercrime-attribution-is-not-easy.html} [Online. Last accessed: 2017-12-16]}
}

@misc{WebAltman2014SonyInterview,
    title = {{Sony Hack: FBI Accuses North Korea in Attack That Nixed The Interview}},
    year = {2014},
    booktitle = {Time},
    author = {Altman, Alex and Miller, Zeke J},
    howpublished = {\url{http://time.com/3642161/sony-hack-north-korea-the-interview-fbi/} [Online. Last accessed: 2017-01-10]}
}

@misc{WebRid2015ACarr,
    title = {{A Debate with Thomas Rid and Jeffrey Carr}},
    year = {2015},
    author = {Rid, Thomas and Carr, Jeffrey},
    month = {1},
    howpublished = {\url{http://www.tandfonline.com/doi/abs/10.1080/01402390.2014.977382} [Online. Last accessed: 2017-12-26]}
}

@misc{WebKnapton2017HomeAttack,
    title = {{Home Office blames North Korea for devastating NHS 'WannaCry' cyber attack}},
    year = {2017},
    booktitle = {Telegraph},
    author = {Knapton, Sarah},
    howpublished = {\url{http://www.telegraph.co.uk/science/2017/10/27/home-office-blames-north-korea-devastating-nhs-wannacry-cyber/} [Online. Last accessed: 2017-11-26]}

}

@misc{WebSkynews2017StrongCyberattack,
    title = {{'Strong evidence' North Korea-linked group was behind NHS cyberattack}},
    year = {2017},
    author = {{Skynews}},
    howpublished = {\url{https://news.sky.com/story/cyberattack-tech-firms-investigate-north-korea-linked-hackers-10879388} [Online. Last accessed: 2017-11-26]}

}

@misc{WebBBC-News2017MoreHackers,
    title = {{More evidence for WannaCry 'link' to North Korean hackers}},
    year = {2017},
    author = {{BBC-News}},
    howpublished = {\url{http://www.bbc.co.uk/news/technology-40010996} [Online. Last accessed: 2017-11-30]}

}

@misc{WebBrowne2017NorthSanctions,
    title = {{North Korea hackers trying to steal bitcoin to evade sanctions}},
    year = {2017},
    booktitle = {CNBC},
    author = {Browne, Ryan},
    howpublished = {\url{https://www.cnbc.com/2017/09/12/north-korea-hackers-trying-to-steal-bitcoin-evade-sanctions.html} [Online. Last accessed: 2017-11-25]}

}

@misc{WebNicolePerlroth2013OnlineSay,
    title = {{Online Banking Attacks Were Work of Iran, U.S. Officials Say}},
    year = {2013},
    booktitle = {The New York Times},
    author = {{Nicole Perlroth}},
    howpublished = {\url{http://www.nytimes.com/2013/01/09/technology/online-banking-attacks-were-work-of-iran-us-officials-say.html} [Online. Last accessed: 2017-11-21]}

}

@misc{WebGoldman2012MajorHistory,
    title = {{Major banks hit with biggest cyberattacks in history}},
    year = {2012},
    booktitle = {CNN technology},
    author = {Goldman, David},
    howpublished = {\url{http://money.cnn.com/2012/09/27/technology/bank-cyberattacks/index.html} [Online. Last accessed: 2017-11-22]}

}

@misc{WebShankdhar201722Tools,
    title = {{22 Popular Computer Forensics Tools}},
    year = {2017},
    author = {Shankdhar, Pavitra},
    howpublished = {\url{http://resources.infosecinstitute.com/computer-forensics-tools/#gref} [Online. Last accessed: 2017-12-22]}

}

@misc{WebcybereasonHowHunting,
    title = {{How It Works - Cyber Threat Hunting}},
    author = {{cybereason}},
    howpublished = {\url{https://www.cybereason.com/how-it-works?hsCtaTracking=9834a09e-955e-474d-91b7-eac3240555f1%7C52f472ac-201b-41e8-8282-e121c4cee935} [Online. Last accessed: 2017-12-22]}

}

@misc{WebHigginsHow...,
    title = {{How Lockheed Martin's 'Kill Chain' Stopped SecurID ...}},
    booktitle = {2013},
    author = {Higgins, Kelly J.},
    howpublished = {\url{https://www.darkreading.com/attacks-breaches/how-lockheed-martins-kill-chain-stopped-securid-attack/d/d-id/1139125?} [Online. Last accessed: 2017-12-22]}    
}

@misc{WebMorgan2017Top2017,
    title = {{Top 5 cybersecurity facts, figures and statistics for 2017}},
    year = {2017},
    booktitle = {CSO Online},
    author = {Morgan, Steve},
    url = {}
    howpublished = {\url{https://www.csoonline.com/article/3153707/security/top-5-cybersecurity-facts-figures-and-statistics-for-2017.html} [Online. Last accessed: 2017-12-26]}

}

@misc{WebNewman2017TheFar,
    title = {{The Biggest Cybersecurity Disasters of 2017 So Far}},
    year = {2017},
    booktitle = {WIRED},
    author = {Newman, Lily H.},
    howpublished = {\url{https://www.wired.com/story/2017-biggest-hacks-so-far/} [Online. Last accessed: 2017-12-26]}

}

@misc{WebStatista2018IoT:2012-2025,
    title = {{IoT: number of connected devices worldwide 2012-2025}},
    year = {2018},
    booktitle = {Statista},
    author = {{Statista}},
    howpublished = {\url{https://www.statista.com/statistics/471264/iot-number-of-connected-devices-worldwide/} [Online. Last accessed: 2017-12-26]}

}

@misc{WebMiller2015SonyCyberattack,
    title = {{Sony Hack: Barack Obama Sanctions North Korea After Cyberattack}},
    year = {2015},
    booktitle = {TIME},
    author = {Miller, Zeke J.},
    month = {1},
    howpublished = {\url{http://time.com/3652479/sony-hack-north-korea-the-interview-obama-sanctions/} [Online. Last accessed: 2018-01-26]}

}

@misc{WebSchwartz2015FBIsContinue,
    title = {{FBI's Sony Attribution: Doubts Continue}},
    year = {2015},
    booktitle = {BankInfoSecurity},
    author = {Schwartz, Mathew J.},
    howpublished = {\url{https://www.bankinfosecurity.com/fbis-sony-attribution-doubts-continue-a-7765} [Online. Last accessed: 2018-01-26]}

}

@misc{WebNETRESECPublicDownload,
    title = {{Public PCAP files for download}},
    author = {{NETRESEC}},
    howpublished = {\url{http://www.netresec.com/?page=PcapFiles} [Online. Last accessed: 2018-01-22]}
}

@misc{WebRoman2015FBIAttribution,
    title = {{FBI Defends Sony Hack Attribution}},
    year = {2015},
    booktitle = {BankInfoSecurity},
    author = {Roman, Jeffrey},
    howpublished = {\url{https://www.bankinfosecurity.com/sony-a-7762} [Online. Last accessed: 2018-01-20]}

}

@misc{WebTodd2014ExpertsHack,
    title = {{Experts doubt North Korea was behind the big Sony hack}},
    year = {2014},
    booktitle = {CNN},
    author = {Todd, Brian and Brumfield, Ben},
    howpublished = {\url{http://edition.cnn.com/2014/12/27/tech/north-korea-expert-doubts-about-hack/index.html} [Online. Last accessed: 2018-01-18]}

}

@misc{WebMalwareWikiWannaCry,
    title = {{WannaCry}},
    author = {{Malware Wiki}},
    howpublished = {\url{http://malware.wikia.com/wiki/WannaCry} [Online. Last accessed: 2018-01-18]}

}

@misc{WebHern2013North500m,
    title = {{North Korean ‘cyberwarfare’ said to have cost South Korea {\pounds}500m}},
    year = {2013},
    booktitle = {The Guardian},
    author = {Hern, Alex},
    howpublished = {\url{https://www.theguardian.com/world/2013/oct/16/north-korean-cyber-warfare-south-korea} [Online. Last accessed: 2018-01-15]}    
}

@misc{WebReuters2015NorthSouth,
    title = {{North Korea doubles size of cyber army to 'paralyse' the south}},
    year = {2015},
    booktitle = {The Guardian},
    author = {{Reuters}},
    howpublished = {\url{https://www.theguardian.com/world/2015/jan/07/north-korea-doubles-size-of-cyber-army-to-paralyse-the-south} [Online. Last accessed: 2018-01-15]}    

}
@misc{WebAragues2017TheAddress,
    title = {{The challenge of attribution by IP address}},
    year = {2017},
    booktitle = {ITProPortal},
    author = {Aragues, Anthony},
    howpublished = {\url{https://www.itproportal.com/features/the-challenge-of-attribution-by-ip-address/} [Online. Last accessed: 2017-12-15]}

}

@misc{WebDigitalOperativesProcessTraffic,
    title = {{Process Attribution In Network Traffic}},
    year = {2012},
    author = {{Digital Operatives}},
    howpublished = {\url{http://digitaloperatives.com/project/paint/} [Online. Last accessed: 2018-01-15]}    
}

@misc{WebMichaelAnalysingLinux,
    title = {{Analysing Executable Files in Linux}},
    booktitle = {The Krypt},
    author = {{Michael}},
    howpublished = {\url{https://xerocrypt.wordpress.com/2012/03/30/analysing-executable-files-in-linux/} [Online. Last accessed: 2018-01-15]}    

}

@misc{WebSong2015NorthFeud,
    title = {{North Korea blasts US over new sanctions amid cyber attack feud}},
    year = {2015},
    booktitle = {Financial Times},
    author = {Song, Jung-a and Murphy, Megan and Kuchler, Hannah},
    howpublished = {\url{https://www.ft.com/content/1f47b7b0-93e4-11e4-92dd-00144feabdc0} [Online. Last accessed: 2018-01-12]}    
}

